@article{Check19851201,
  author = {Irene J. Check and Gerald T. Gowitt and Gerald W. Staton},
  journal = {American Journal of Clinical Pathology},
  title = {Bronchoalveolar Lavage Cell Differential in the Diagnosis of Sarcoid Interstitial Lung Disease},
  subtitle = {Likelihood Ratios Based on Computerized Data Base},
  year = {1985-12-01},
  pages = {744-747},
  volume = {84},
  number = {6},
  issn = {1943-7722},
  urldate = {2024-09-20},
  doi = {10.1093/ajcp/84.6.744},
  url = {https://academic.oup.com/ajcp/article/84/6/744/1772008},
}

@article{Freeman1975,
  author = {H. Freeman and R. Shapira},
  journal = {Communications of the ACM},
  title = {Determining the minimum-area encasing rectangle for an arbitrary closed curve},
  year = {1975},
  pages = {409-413},
  volume = {18},
  number = {7},
  issn = {0001-0782},
  urldate = {2024-09-20},
  doi = {10.1145/360881.360919},
  url = {https://dl.acm.org/doi/10.1145/360881.360919},
}

@article{Kornilov2018,
  author = {Anton S. Kornilov and Ilia V. Safonov},
  journal = {Journal of Imaging},
  title = {An Overview of Watershed Algorithm Implementations in Open Source Libraries},
  year = {2018},
  volume = {4},
  number = {10},
  issn = {2313-433X},
  urldate = {2024-09-20},
  doi = {10.3390/jimaging4100123},
  url = {https://www.mdpi.com/2313-433X/4/10/123},
}

@inproceedings{Mohammed2013,
  author = {Emad A. Mohammed and Behrouz H. Far and Mostafa M.A. Mohamed and Christopher Naugler},
  booktitle = {2013 IEEE 15th International Conference on e-Health Networking, Applications and Services (Healthcom 2013)},
  title = {Application of Support Vector Machine and k-means clustering algorithms for robust chronic lymphocytic leukemia color cell segmentation},
  publisher = {IEEE},
  year = {2013},
  pages = {622-626},
  isbn = {978-1-4673-5801-9},
  urldate = {2024-09-20},
  doi = {10.1109/HealthCom.2013.6720751},
  url = {http://ieeexplore.ieee.org/document/6720751/},
}

